3472 5596
752 450 989 504 PREFAZIONE.
1426 455 1462 506 x1

282 599 362 668 detti
385 599 498 680 anelli,
524 599 650 669 dovera
676 621 783 668 essere
808 599 912 692 ospite
938 599 1022 668 della
1049 598 1206 692 famiglia,
1233 602 1293 671 ohe
1309 600 1461 671 indicare

283 722 304 790 l'
319 721 427 792 anello
451 720 505 792 oui
529 721 553 791 it
579 720 706 791 cavallo
731 743 788 789 era
813 713 1037 812 1110001101).
1055 747 1074 788 »

355 845 414 913 Sul
439 867 535 915 verso
560 851 606 916 80
633 842 685 912 del
710 843 815 912 Canto
840 844 918 912 XVI
950 844 1002 913 del
1037 843 1242 936 Purgatorio,
1269 847 1461 917 Benvenuto

282 966 336 1035 nel
357 989 493 1036 narrare
511 992 555 1036 un
576 965 738 1035 aneddoto
761 965 795 1035 di
822 965 930 1034 Pietro
955 963 997 1034 da
1022 965 1150 1046 Abano,
1178 976 1351 1058 premette:
1373 967 1461 1036 «Ad

283 1089 544 1159 confirmandum
571 1089 774 1183 propositum
796 1088 927 1156 occurrit
942 1089 1020 1157 miti
1038 1112 1090 1158 res
1102 1090 1225 1183 jocosa.
1241 1089 1379 1171 Floruit,
1394 1114 1460 1160 non

281 1222 331 1281 est
355 1211 422 1291 diu,
441 1212 476 1281 in
497 1211 628 1281 civitate
653 1212 773 1281 Paduae
798 1210 932 1304 quidam
957 1213 1074 1280 Petrus
1099 1211 1138 1280 de
1160 1211 1276 1281 Abano
1296 1221 1357 1282 eto.
1375 1202 1457 1302 (²).>›

282 1334 309 1402 11
327 1332 518 1403 Tamburini
536 1333 684 1403 traduce:
706 1357 727 1400 «
742 1334 771 1402 Α
789 1333 957 1427 maggiore
974 1335 1142 1403 oonserma
1162 1333 1291 1404 riseriro
1308 1359 1353 1404 un
1375 1337 1457 1405 fatto

281 1478 369 1523 31110
393 1455 538 1523 maduo
553 1444 601 1544 (³).
618 1480 638 1519 1)

355 1577 416 1647 Nel
442 1600 537 1646 verso
565 1585 621 1656 52,
647 1576 752 1646 Canto
776 1578 840 1646 XX
865 1575 918 1645 del
949 1576 1167 1670 Purgatorio:
1202 1602 1224 1644 r<
1240 1576 1382 1671 Figliuol
1408 1578 1457 1648 fui

281 1699 311 1768 d’
327 1724 373 1768 un
404 1698 534 1768 becoaio
559 1698 592 1767 di
617 1697 736 1790 Parigi,
752 1724 773 1764 »
800 1699 823 1768 il
850 1706 933 1767 testo
958 1700 999 1767 e:
1028 1724 1049 1765 «
1063 1700 1185 1768 Dantes
1219 1698 1459 1770 curiosissimus

282 1821 495 1915 investigator
521 1845 632 1892 rerum
660 1820 958 1901 memorandarum,
984 1845 1060 1890 curu
1079 1830 1163 1890 esset
1182 1820 1326 1890 Parisius
1351 1821 1457 1915 gratia

281 1941 391 2021 studii,
410 1942 541 2035 reperit,
560 1942 648 2036 quod
665 1942 726 2011 iste
746 1944 846 2036 Hugo
870 1941 911 2011 de
931 1942 979 2011 rei
998 1941 1135 2012 veritate
1152 1944 1259 2012 fuerat
1278 1943 1366 2012 filius
1384 1967 1459 2012 ear-

280 2052 446 2154 1110111).
461 2091 482 2130 o
510 2066 558 2133 La
584 2063 796 2134 traduzione:
825 2066 967 2134 «Dante
997 2063 1185 2134 trovandosi
1210 2089 1230 2134 a
1256 2066 1366 2160 Parigi
1398 2090 1458 2159 per

279 2187 413 2280 ragione
438 2186 471 2254 di
496 2185 615 2266 studio,
642 2185 769 2277 risursto
794 2184 866 2254 veri
889 2185 1025 2263 Aratrioi,
1051 2208 1069 2253 e
1096 2189 1190 2256 trovo
1214 2187 1283 2257 ohe·
1301 2189 1373 2282 Ugo
1399 2211 1457 2282 per

280 2306 384 2375 veriti
409 2330 466 2376 era
492 2305 582 2400 figlio
607 2304 639 2375 di
666 2304 834 2375 maoellaio
851 2296 899 2394 (⁵).
914 2330 935 2370 >›

353 2428 410 2497 Sui
437 2426 523 2496 versi
552 2435 712 2500 100-102
737 2426 790 2497 del
814 2428 919 2497 Canto
944 2429 1007 2497 xu
1031 2427 1084 2497 del
1109 2429 1274 2511 Paradiso,
1291 2428 1457 2499 relativia

278 2552 344 2620 San
372 2551 562 2631 Domenieo,

561 2689 584 2740 Ε
599 2690 668 2754 negti
685 2690 765 2752 sterpi
781 2691 870 2740 cretici
887 2703 1007 2753 peroosee

592 2767 725 2830 L’impeto
741 2781 796 2826 suo,
815 2769 857 2830 piu
875 2769 1020 2818 visamente
1036 2767 1115 2831 quivi,

593 2844 665 2894 Dore
682 2844 707 2893 te
723 2845 861 2894 resistenze
877 2857 940 2893 eran
958 2844 1000 2906 piu
1017 2857 1114 2908 grosse.

282 2969 474 3036 Benvenuto
491 2978 699 3037 oommenta:
730 2967 861 3046 «idest,
882 2967 938 3037 ubi
958 2979 1052 3037 erant
1073 2966 1213 3037 maiores
1229 2966 1385 3047 haeretici,
1404 2967 1457 3035 vei

281 3089 407 3160 ratione
423 3088 565 3158 scientiae
583 3088 635 3159 vei
654 3089 823 3182 potentiae:
843 3089 1013 3159 nonenim
1033 3091 1107 3160 feeit
1125 3089 1207 3158 sieut
1228 3089 1362 3184 quidam
1385 3113 1456 3157 ruo-

280 3209 373 3280 derni
394 3210 613 3305 inquisitores,
627 3210 684 3305 qui
702 3233 767 3281 non
780 3220 856 3280 sunt
869 3211 1008 3281 audaces
1027 3235 1086 3281 nec
1104 3211 1248 3291 solertes,
1263 3210 1326 3281 nisi
1343 3220 1456 3279 eontra

279 3333 437 3427 quosdam
464 3331 581 3402 divites
612 3330 762 3412 denariis,
786 3357 944 3427 pauperes
974 3333 1099 3415 amicis,
1129 3335 1187 3427 qui
1220 3359 1283 3402 non
1320 3342 1456 3426 possunt

280 3455 386 3522 facere
412 3476 566 3546 magnam
593 3452 820 3534 resistentiam,
852 3467 885 3524 et
914 3464 1112 3549 extorquent
1141 3455 1183 3523 ab
1213 3454 1258 3523 eis
1291 3453 1454 3548 pecunias,

281 3574 400 3669 quibus
425 3586 538 3667 postea
562 3586 677 3643 emunt
702 3574 925 3667 episcopatum
941 3563 990 3666 (ὓ).
1006 3601 1026 3640 »
1055 3577 1155 3645 Tutto
1180 3587 1296 3670 questo
1319 3576 1456 3645 trattoe

278 3696 345 3764 cosi
370 3694 521 3764 rosodal
547 3694 763 3773 Tnmburini;
793 3720 813 3761 «
831 3695 891 3764 Piri
917 3696 1132 3766 arditanrente
1168 3698 1201 3766 in
1233 3697 1309 3790 quel
1344 3696 1453 3788 luogo,

277 3815 363 3887 ossia
389 3816 442 3885 nel
468 3815 616 3886 distretto
641 3815 674 3884 di
699 3817 828 3898 Tolosa,
854 3839 915 3886 ove
942 3818 1104 3888 saoevansi
1130 3817 1206 3886 sorti
1236 3816 1283 3910 gli
1308 3816 1452 3909 Albigesi

279 3940 314 4008 in
340 3938 442 4008 eresie
467 3939 507 4008 ed
533 3938 566 4007 in
593 3949 703 4031 potere
720 3928 769 4028 (⁷).
784 3964 804 4004 »

354 4061 382 4129 E
399 4059 456 4153 piu
473 4060 540 4153 giu,
559 4084 598 4129 su
615 4060 626 4128 i
647 4059 731 4129 versi
753 4067 912 4133 113-120
931 4059 1016 4130 delio
1036 4069 1138 4131 stesso
1153 4059 1257 4128 Canto
1274 4060 1350 4138 xu‚
1368 4059 1455 4127 Ben-

279 4192 403 4251 venuto
428 4191 631 4249 commenta:
662 4181 738 4248 «Et
762 4179 815 4250 hic
840 4190 928 4261 nota,
955 4180 1042 4274 quod
1067 4189 1163 4249 autor
1183 4188 1294 4247 noster
1313 4177 1456 4247 circum·

342 4398 371 4460 (¹)
387 4400 483 4458 Tm,
502 4399 552 4449 rot.
570 4400 603 4458 11,
620 4412 677 4462 pag.
690 4404 746 4450 231.
911 4396 941 4461 (¹)
957 4399 1049 4457 Bm,
1067 4398 1119 4448 101.
1136 4398 1180 4457 111,
1198 4412 1255 4462 pag.
1272 4402 1329 4448 138.

343 4475 370 4534 (1(
387 4476 483 4535 Terin,
500 4475 552 4526 101.
568 4477 601 4535 11,
620 4489 675 4538 pag.
692 4481 748 4525 338.
911 4473 940 4537 (1(
956 4475 1050 4535 Banu,
1066 4475 1118 4525 101.
1135 4475 1181 4533 111,
1199 4479 1328 4537 010518.

344 4553 371 4615 (1)
389 4554 553 4611 11111.,101.
571 4554 604 4613 11,
623 4567 678 4618 pag.
696 4559 752 4604 101.
912 4551 1050 4616 (11111111.
1067 4552 1118 4603 101.
1135 4552 1167 4613 V,
1185 4566 1241 4615 pag.
1258 4556 1297 4602 83.

342 4631 370 4693 (1
387 4631 483 4691 Tm..
500 4631 551 4682 vol.
569 4633 614 4692 111,
633 4645 689 4695 ρας.
706 4636 763 4682 tto.
