3472 5596
301 463 384 514 xxvi
602 464 717 516 unuln
744 464 825 515 vm
854 465 876 514 E
903 464 1018 515 DELLE
1043 462 1159 515 OPERE

298 611 460 706 pubblico,
487 635 542 681 ma
566 612 696 681 sembra
718 612 766 681 sia
783 621 868 680 stato
884 610 946 680 ben
968 634 1050 703 poco
1065 610 1099 679 in
1121 610 1224 679 lmola
1245 609 1311 679 lino
1332 608 1397 678 alla
1414 632 1473 679 sua

297 745 421 812 morte;
448 758 466 801 e
492 733 512 803 l’
527 732 752 826 indignacione
777 732 827 801 ch‘
838 732 903 825 egli
935 757 1039 804 aveva
1064 732 1118 801 nel
1147 755 1245 801 cuore
1270 732 1316 823 gli
1341 732 1472 826 scoppiu

295 857 381 926 fuori
401 856 534 926 talvolta
551 855 603 923 nel
621 855 824 924 Commenta.
845 854 890 923 Su
908 853 985 946 quel
1003 877 1115 923 verso:
1142 855 1392 943 ORomcqnuoli
1407 867 1472 922 tor-

295 978 362 1046 nati
377 979 411 1045 ic
431 979 575 1055 bastardi,
593 976 657 1070 egli
674 977 832 1045 esclama:
850 974 953 1045 Nimis
969 975 1124 1043 orticliter
1140 975 1275 1066 loqtcitur
1291 977 1360 1044 ute:
1378 976 1472 1045 lutino

294 1099 438 1167 debuisset
461 1098 583 1174 dhisse,
609 1098 643 1165 iu
667 1099 794 1188 spurios,
821 1097 915 1164 icncnc
940 1096 974 1164 iu
998 1099 1103 1174 niun,
1123 1097 1215 1188 specie
1230 1109 1406 1188 permutato
1421 1101 1430 1189 (
1446 1100 1470 1188 ).

294 1221 344 1288 Ed
365 1221 506 1300 innanzi,
525 1221 776 1289 commentando
800 1220 825 1289 il
850 1243 964 1289 verso:
991 1221 1049 1287 Cle
1063 1219 1116 1308 pid
1134 1222 1162 1288 lc
1180 1220 1300 1288 irrccrco
1316 1220 1351 1288 di
1369 1221 1401 1289 ld
1416 1220 1471 1310 piel

292 1343 338 1409 mi
356 1365 440 1433 peso,
466 1341 531 1435 egli
556 1340 682 1411 scrive:
714 1343 843 1409 «Poeta
860 1352 970 1409 noster
995 1364 1015 1408 a
1036 1342 1210 1435 juventute
1228 1342 1291 1411 luit
1307 1343 1469 1435 superbus

292 1463 418 1533 ratione
436 1463 625 1546 nobilitatis,
643 1465 796 1544 scientiar,
814 1474 847 1533 et
866 1463 943 1532 boni
961 1472 1084 1542 status;
1104 1464 1157 1532 sed
1179 1473 1265 1532 certe
1286 1464 1368 1533 bene
1390 1488 1467 1558 por-

292 1585 373 1654 tavit
397 1609 481 1655 onus
507 1587 663 1656 suumin
689 1587 770 1667 vita,
796 1609 880 1655 onus
905 1585 977 1655 dico
1003 1585 1103 1666 exilii,
1130 1586 1330 1677 paupertatis
1356 1597 1389 1655 et
1413 1586 1466 1655 in-

292 1705 386 1776 vidiae
409 1707 561 1777 aliorum.
581 1711 623 1775 Et
647 1722 721 1776 cute
738 1708 774 1775 de
789 1730 838 1774 me
863 1707 961 1776 audeo
985 1706 1083 1774 dicere
1107 1728 1175 1773 cum
1191 1707 1271 1774 dono
1288 1707 1468 1775 mrascieutio

291 1826 368 1895 illud
402 1827 491 1905 deur,
530 1828 644 1906 scilicet,
678 1829 761 1919 quod
787 1827 839 1919 sui
871 1828 1039 1919 uliqccondo
1070 1827 1167 1915 ccupas
1198 1828 1342 1918 superbus
1373 1851 1467 1919 mum

289 1946 429 2027 isiodus·
455 1951 507 2017 sed
530 1963 605 2018 certe
621 1947 694 2038 jum
718 1950 789 2017 benc
809 1949 934 2040 portavi
956 1971 1069 2017 summ
1094 1949 1128 2015 iu
1152 1949 1269 2015 ururcdc
1284 1938 1333 2037 ξ).
1346 1973 1366 2013 »

364 2071 417 2141 Gli
443 2071 520 2139 anni
546 2071 630 2140 corsi
655 2070 708 2139 dal
738 2076 830 2143 1365
858 2070 890 2137 al
919 2077 1011 2141 1375
1038 2092 1182 2162 seguono
1207 2093 1252 2139 un
1279 2069 1412 2163 periodo
1432 2069 1466 2137 di

288 2193 411 2283 grande
433 2192 560 2261 attiviu
577 2193 665 2262 nella
681 2191 747 2261 vita
764 2190 931 2260 lotteraria
947 2190 979 2260 di
996 2192 1198 2260 Benvenuto.
1219 2190 1354 2260 Dimoro
1371 2189 1464 2284 prin-

287 2313 483 2406 cipalmente
503 2314 536 2383 in
555 2315 711 2407 Bologna‚
728 2336 790 2382 ove
807 2312 848 2381 da
866 2312 969 2382 lmola
987 2311 1174 2383 tramntossi
1197 2336 1290 2381 verso
1310 2313 1333 2382 il
1359 2320 1464 2393 1366,

287 2435 502 2528 occupandosi
533 2434 606 2504 dell'
622 2435 878 2529 insegnamento‚
912 2433 1091 2504 lavorando
1123 2456 1181 2526 pec
1210 2433 1241 2503 la
1266 2432 1465 2527 esposicione

288 2554 337 2624 de’
353 2555 478 2626 classici
503 2556 609 2639 latini,
627 2581 644 2626 e
663 2557 801 2627 tenendo
822 2556 897 2626 viva
923 2556 1192 2649 corrispoudenza
1218 2555 1265 2624 co’
1281 2556 1337 2650 piir
1362 2555 1464 2624 chiari

286 2678 428 2747 letterati
445 2678 517 2748 suoi
534 2678 809 2772 contemporanei.
829 2679 855 2747 ll
874 2679 964 2747 Liber
981 2679 1174 2767 aliquandiu
1195 2679 1206 2746 i
1232 2676 1408 2747 commenti
1426 2700 1464 2745 su

287 2799 318 2867 le
344 2799 501 2893 Tragedie
527 2799 559 2868 di
585 2802 717 2883 Seneca,
748 2824 787 2869 su
819 2799 951 2869 Valerio
976 2799 1143 2880 Massimo,
1175 2823 1214 2869 su
1240 2801 1272 2869 la
1297 2797 1465 2891 Farsaglia

285 2918 318 2986 di
344 2921 488 3002 Lucano
522 2921 616 2990 sula
641 2921 811 2992 Buccolica
840 2920 892 2990 del
923 2923 1085 3003 Petrarca,
1117 2945 1135 2990 e
1167 2922 1291 3015 porfino
1316 2919 1339 2989 il
1365 2919 1466 2989 Gom-

285 3054 397 3111 mento
424 3066 463 3111 su
489 3043 595 3112 Dante
621 3045 740 3114 lurono
765 3043 841 3113 tutti
867 3042 1024 3112 elaborati
1049 3043 1083 3111 in
1108 3043 1182 3137 que’
1197 3042 1279 3113 dieci
1304 3040 1393 3111 anni.
1421 3042 1463 3111 Al

285 3165 437 3233 Petrarca
463 3165 618 3235 chiedeva
642 3189 676 3235 se
702 3167 734 3235 la
760 3165 868 3260 poesia
894 3166 977 3234 losse
1002 3188 1021 3231 a
1048 3163 1260 3235 considerarsi
1280 3165 1329 3233 fra
1350 3165 1381 3233 le
1398 3164 1462 3234 arti

283 3283 428 3365 liberali3
455 3287 494 3355 ed
526 3286 549 3354 il
584 3289 747 3366 Petrarca
778 3287 917 3356 seliboric
946 3287 1000 3380 gia
1033 3299 1243 3380 gravamente
1269 3286 1458 3365 ammalato,

282 3404 324 3497 gl’
340 3404 471 3474 inviava
497 3405 529 3474 in
556 3405 694 3500 risposta
720 3432 786 3478 una
811 3408 912 3503 lunga
940 3408 1067 3490 lettera,
1095 3407 1155 3476 cho
1181 3417 1274 3502 porta
1299 3407 1322 3476 il
1348 3407 1461 3499 pregio

281 3525 409 3597 riserire
435 3526 492 3621 qui
518 3552 575 3620 per
601 3527 717 3599 intero.

357 3674 377 3713 (ι
395 3648 605 3717 Benevenuto
624 3650 778 3720 lmolensi
800 3650 935 3721 Rhetori
952 3652 984 3720 S.
1004 3650 1056 3720 nd
1073 3649 1334 3744 respondendum
1353 3648 1455 3719 literis

280 3769 355 3850 tuis,
374 3793 434 3838 nec
451 3771 595 3863 corporis
615 3772 771 3853 valitud0,
787 3796 847 3840 nec
865 3773 1006 3867 spatium
1027 3773 1183 3864 temporis
1205 3775 1364 3868 suppetit3
1383 3796 1457 3868 quae

279 3890 461 3961 multorum
487 3917 566 3986 ergo
594 3894 769 3963 verborum
795 3904 900 3973 erant,
926 3893 953 3962 si
981 3904 1105 3986 potero,
1133 3893 1245 3985 paucis
1270 3894 1452 3988 expediam,

278 4036 352 4105 quae
364 4013 390 4081 si
404 4012 619 4085 satisfecerint
627 4015 786 4108 gaudebo.
799 4015 954 4108 Alioquin
969 4015 1113 4109 paratior
1126 4016 1186 4084 sim
1198 4040 1327 4111 semper
1339 4015 1453 4085 audire

278 4159 378 4227 quam
390 4135 508 4217 dicere,
522 4147 555 4206 et
572 4137 694 4206 discere
707 4160 808 4230 quam
827 4136 953 4206 docere.
971 4138 1117 4220 Quaeres,
1134 4163 1193 4208 uec
1208 4139 1385 4220 immerito,
1400 4161 1453 4207 ars

278 4254 357 4336 haec,
372 4281 471 4349 quarn
486 4258 619 4351 quidam
637 4258 730 4328 nobis
748 4258 899 4328 tribuunt
916 4268 949 4328 ct
965 4282 1066 4353 quam
1083 4261 1186 4329 fateor
1199 4285 1218 4329 a
1233 4271 1345 4330 tenera
1359 4271 1454 4331 aetate

276 4376 468 4460 dilexeram,
482 4402 525 4448 an
541 4380 723 4450 liberalium
737 4404 803 4449 una
817 4379 869 4449 sit.
886 4380 966 4451 Dico
979 4381 1065 4450 inter
1077 4375 1376 4452 liberales'minime
1389 4406 1454 4451 nu-

338 4551 366 4612 (¹)
384 4552 442 4604 Vol.
459 4553 505 4614 lll,
523 4569 580 4618 pag.
597 4559 699 4612 389-90,
717 4556 797 4619 Purg.
815 4555 885 4614 XIV,
904 4562 943 4606 99.

338 4628 365 4690 (¹)
383 4629 442 4679 Vol.
459 4632 505 4689 111,
525 4645 581 4695 pag.
599 4637 653 4692 ³70,
670 4633 749 4696 Purg.
767 4634 839 4695 Xlll,
858 4638 912 4683 138.
