3472 5596
365 458 388 509 Χ
839 456 1075 510 PREFAZIONE.

361 603 558 698 algiovanc
583 605 673 696 figlio
697 605 731 675 di
757 606 876 675 Enrico
900 607 931 675 ll
956 605 1200 698 d'lngbilterra,
1227 605 1433 671 Benvenuto:
1460 626 1479 667 «
1494 603 1535 670 Et

360 728 413 798 hic
439 737 514 798 nota
541 729 628 821 quod
653 727 790 796 Jureuis
806 727 868 797 fuit
888 728 981 821 quasi
1007 728 1091 796 alter
1107 726 1200 795 Titus
1221 725 1412 819 Vespasiani
1436 723 1534 804 lilius,

361 848 419 942 qui
452 860 532 918 teste
566 848 721 918 Svetonio
753 850 858 919 dictus
888 862 936 918 est
967 872 1062 919 amor
1093 859 1125 917 et
1155 848 1278 917 deliciae
1310 847 1439 940 generis
1472 847 1537 942 bu-

364 970 454 1040 mani
469 963 518 1062 (⁴).
533 997 554 1038 a
574 971 600 1040 ll
620 972 831 1041 Tamburini:
860 971 1067 1052 «Giovanni
1094 973 1219 1039 semado
1251 970 1399 1045 Saawnio,
1426 972 1460 1039 lu
1492 993 1536 1038 un

364 1093 449 1162 altro
473 1093 548 1163 Tito
567 1092 777 1186 Vespasiano,
804 1116 916 1162 amore
942 1117 959 1162 c
985 1092 1071 1185 gioia
1096 1092 1148 1161 del
1171 1116 1290 1184 genere
1312 1114 1434 1160 umano
1449 1081 1498 1180 (ἲ),
1514 1116 1534 1156 »

439 1216 484 1283 Le
510 1239 621 1285 severe
655 1214 766 1306 parole
796 1214 829 1282 di
860 1216 1051 1284 Benvenuto
1080 1225 1195 1283 contro
1226 1212 1391 1282 Ranilacio
1418 1212 1494 1280 Vlll
1520 1235 1538 1280 e

366 1337 480 1407 Nicola
511 1337 557 1405 lll
589 1358 670 1406 sono
699 1359 825 1405 omesse
854 1335 908 1405 dal
942 1336 1133 1406 tradnttore.
1164 1335 1301 1404 Omesso
1335 1338 1353 1404 e
1384 1334 1437 1403 del
1467 1333 1539 1425 pari

364 1458 475 1552 quello
501 1456 669 1549 splendido
694 1457 825 1552 scoppio
845 1458 874 1526 d'
883 1458 932 1527 ira
952 1458 984 1526 di
1003 1460 1194 1528 benvenuto
1216 1458 1346 1527 intorno
1362 1455 1425 1525 alle
1447 1455 1538 1524 triste

363 1577 543 1649 condizioni
561 1578 590 1647 d'
599 1578 701 1660 ltalia,
720 1580 769 1647 sui
790 1579 873 1648 versi
893 1587 938 1652 76
952 1603 970 1648 c
988 1581 1136 1672 seguenti
1149 1578 1200 1648 del
1212 1580 1316 1647 Canto
1330 1578 1374 1644 Vl
1387 1577 1440 1645 del
1453 1579 1537 1646 Pur-

362 1699 504 1793 gatorio:
526 1726 546 1766 a
561 1703 602 1770 Et
616 1711 692 1771 nota
712 1700 936 1795 metaphoram
953 1701 1118 1794 pulcram:
1133 1700 1216 1769 sicut
1233 1699 1368 1770 enimin
1384 1699 1535 1792 lupanari

361 1822 514 1892 venditur
533 1846 610 1893 caro
629 1823 775 1893 humana
792 1823 897 1916 pretio
914 1822 983 1891 sine
1000 1823 1134 1914 pudore,
1157 1821 1203 1891 ita
1224 1823 1380 1891 meretrix
1403 1845 1532 1914 magna,

361 1942 443 2012 idest
474 1943 572 2013 Curia
601 1947 759 2025 Romana,
786 1958 819 2014 ct
842 1943 941 2013 Curia
971 1942 1151 2036 Imperialis
1176 1942 1322 2013 venduut
1351 1943 1535 2012 libertatem

362 2063 514 2134 italicam.
530 2065 620 2134 Sicut
637 2065 736 2135 etiam
754 2064 795 2133 ad
813 2065 1030 2159 postribulum
1044 2064 1169 2134 vadunt
1182 2064 1407 2133 indifferentes
1424 2089 1537 2135 omnes

364 2187 509 2257 volentes
534 2210 610 2256 cum
635 2186 859 2268 delectatione,
891 2187 936 2256 ita
968 2187 1010 2256 ad
1035 2187 1163 2256 ltaliam
1200 2200 1400 2256 concurrunt
1425 2210 1538 2255 omnes

364 2308 512 2377 barbarae
537 2307 684 2378 nationes
709 2333 785 2378 cum
811 2308 964 2378 aviditate
985 2308 1026 2377 ad
1050 2308 1154 2401 ipsam
1172 2308 1425 2378 conculcandam
1452 2320 1539 2378 tam-

365 2454 465 2524 quam
492 2431 696 2500 meretricem
722 2430 929 2523 prostitutam
947 2421 995 2521 (³).
1011 2457 1032 2496 »

438 2553 481 2621 ΑΙ
506 2575 601 2621 verso
636 2561 716 2630 112,
748 2552 852 2622 Canto
886 2553 963 2621 xlv
996 2551 1048 2620 del
1081 2553 1287 2645 Purgatorio,
1323 2556 1535 2624 Benvenuto:

367 2676 444 2744 «Et
461 2673 514 2744 bie
531 2684 619 2755 nota,
639 2684 676 2743 ut
693 2673 813 2752 videas,
837 2675 863 2743 si
888 2697 1008 2767 magna
1025 2674 1177 2744 nobilitas
1199 2676 1330 2768 vigebat
1347 2677 1445 2768 paulo
1463 2689 1539 2744 ante

364 2797 398 2866 in
424 2795 625 2875 Bretenori0‚
652 2794 740 2888 quod
765 2807 912 2887 tempore
938 2794 1031 2864 istius
1056 2795 1225 2876 Gnidonis,
1256 2798 1388 2890 quando
1421 2798 1539 2890 aliquis

365 2917 415 2987 vir
445 2915 563 2986 nobilis
589 2926 621 2983 et
647 2914 845 2984 honorabilis
879 2916 1048 3006 applicabat
1079 2919 1122 2986 ad
1155 2931 1278 2994 terram,
1311 2942 1430 3010 magna
1461 2941 1540 2986 con·

364 3038 466 3108 tentio
491 3049 560 3107 erat
577 3036 664 3105 inter
682 3037 803 3106 multos
819 3037 944 3106 nobiles
961 3036 1000 3106 de
1018 3039 1219 3120 Bretenori0‚
1241 3040 1273 3109 in
1293 3039 1385 3108 cuius
1406 3039 1540 3108 domum

363 3161 420 3231 ille
445 3161 519 3229 talis
544 3159 680 3229 lorensis
706 3159 837 3229 deberet
862 3160 1036 3230 declinare.
1064 3164 1199 3253 Propter
1224 3161 1312 3254 quod
1336 3160 1541 3229 concorditer

366 3292 590 3352 convenerunt
614 3280 700 3350 inter
718 3305 761 3360 se,
784 3281 872 3373 quod
889 3281 1043 3351 columna
1061 3281 1187 3374 lapidea
1206 3282 1361 3373 figeretur
1382 3280 1415 3349 in
1433 3280 1542 3350 medio

367 3404 481 3498 plateae
507 3428 583 3473 cnm
608 3402 721 3472 multis
738 3401 868 3471 annulis
887 3401 1010 3483 ferreis,
1032 3415 1065 3470 et
1081 3402 1187 3471 omnis
1205 3402 1436 3495 superveniens
1458 3414 1542 3471 esset

366 3524 483 3617 hospes
508 3524 607 3605 illius,
634 3522 675 3592 ad
700 3522 793 3592 cuius
811 3522 970 3592 annulum
989 3522 1139 3615 alligaret
1156 3511 1337 3616 equumll).
1355 3550 1375 3590 »
1398 3524 1425 3592 ll
1442 3526 1541 3593 Tam-

366 3648 498 3717 burini:
540 3672 561 3712 a
583 3647 626 3715 ΑΙ
650 3655 761 3737 tempo
785 3643 818 3712 di
849 3643 956 3712 Guido
989 3644 1024 3713 in
1056 3645 1241 3714 Brettinoro
1275 3648 1368 3714 aride
1402 3646 1414 3713 ἱ
1449 3646 1544 3713 nobili

366 3791 506 3837 araoano
530 3769 561 3836 la
585 3780 669 3834 terra
688 3768 735 3856 (l);
764 3791 817 3836 ma
843 3767 1006 3836 insorsero
1032 3766 1189 3835 discordie
1210 3770 1260 3836 fra
1281 3768 1355 3850 essi,
1381 3792 1399 3835 e
1425 3791 1541 3860 sparve

365 3890 398 3958 la
423 3889 599 3959 innocenza
624 3888 658 3957 di
684 3890 751 3958 vita
775 3912 793 3957 e
818 3912 879 3957 oon
906 3911 977 3957 essa
1009 3887 1041 3957 la
1073 3889 1245 3958 liberalia.
1282 3891 1296 3957 l
1331 3890 1541 3961 Brettinoresi

366 4010 629 4080 determinarono
654 4010 687 4080 di
712 4010 819 4079 alzare
851 4011 884 4078 in
915 4010 1024 4103 piazza
1055 4034 1121 4080 una
1150 4011 1288 4080 calonna
1318 4036 1378 4081 con
1411 4013 1542 4082 intorno

366 4133 449 4202 tanti
474 4132 572 4203 anelli
598 4133 631 4202 di
656 4134 755 4213 serra,
774 4142 895 4225 quante
917 4131 946 4200 le
964 4132 1066 4201 nobili
1083 4135 1227 4227 samiglie
1245 4134 1277 4202 di
1298 4135 1375 4226 quel
1394 4135 1539 4215 castella,

365 4278 383 4323 e
409 4254 461 4323 chi
486 4255 571 4323 losse
596 4254 740 4323 arrivato
765 4254 805 4322 ed
823 4277 934 4323 avesse
956 4254 1063 4347 legato
1080 4255 1103 4324 il
1121 4256 1248 4325 cavallo
1265 4254 1305 4323 ad
1325 4279 1391 4324 uno
1409 4255 1544 4348 de‘pre-

428 4549 455 4612 (¹)
471 4550 565 4608 Banu,
582 4550 634 4601 rol.
650 4551 683 4610 11,
701 4565 758 4614 pag.
776 4557 830 4602 379.
973 4551 1000 4613 (¹)
1017 4553 1115 4612 Taua„
1132 4552 1183 4602 rol.
1201 4554 1221 4613 1,
1241 4565 1297 4616 pag.
1314 4557 1369 4602 651.

430 4627 456 4690 (¹)
471 4628 564 4687 Bnuv„
583 4630 633 4679 rol.
651 4630 696 4688 ΙΙΙ,
714 4643 770 4693 pag.
791 4635 844 4681 ¹⁸⁰.
976 4631 1002 4692 (¹)
1019 4631 1112 4691 Bana,
1129 4633 1180 4682 rol.
1197 4633 1243 4691 lll,
1261 4645 1318 4695 pag.
1335 4635 1390 4680 aet.
